ufrgs - http://www.inf.ufrgs.br/~lkunz/cpd/

analise - http://www.gta.ufrj.br/grad/09_1/versao-final/stegano/esteganalise.html

ajudar na conclus√£o - http://www.gta.ufrj.br/grad/09_1/versao-final/stegano/conclusao.html


@article{tcc,
  title={Esteganografia},
  author={PETRI, M},
  journal={Instituto Superior Tupy, SC, 62p},
  year={2004}
}

@article{hideAndSeek,
  title={Hide and seek: An introduction to steganography},
  author={Provos, Niels and Honeyman, Peter},
  journal={Security \& Privacy, IEEE},
  volume={1},
  number={3},
  pages={32--44},
  year={2003},
  publisher={IEEE}
}

@article{newton,
author = {Braga, Newton C.},
title = {Esteganografia (A Arte de Escrever Mensagens Ocultas) \textit{url:} http://www.newtoncbraga.com.br/index.php/eletronica/52-artigos-diversos/7049-
esteganografia-a-arte-de-escrever-mensagens-ocultas-art1175}
}

@article{tecnica,
author = {Duarte, Otto Carlos M. B.},
title = {Esteganografia \textit{url:} http://www.gta.ufrj.br/grad/09\_1/versao-final/
stegano/index.html}
}

@article{ufrgs,
author = {Kunz, Leonardo},
title = {Esteganografia em imagens usando codifica\c{c}\~ao de Huffman
\textit{url:} http://www.inf.ufrgs.br/~lkunz/cpd/}
}

@article{methods,
  title={An introduction to steganography methods},
  author={Hariri, Mehdi and Karimi, Ronak and Nosrati, Masoud},
  journal={World Applied Programming},
  volume={1},
  number={3},
  pages={191--195},
  year={2011}
}

@article{wu2003,
  title={A steganographic method for images by pixel-value differencing},
  author={Wu, Da-Chun and Tsai, Wen-Hsiang},
  journal={Pattern Recognition Letters},
  volume={24},
  number={9},
  pages={1613--1626},
  year={2003},
  publisher={Elsevier}
}