@Book{Dalcidio:00,
  author = 	 {Dalcidio Moraes Claudio and Jussara Maria Marins},
  title = 	 {Cálculo Numérico Computacional},
  publisher = 	 {Atlas},
  year = 	 {2000},
  edition = 	 {3th}
}

@misc{GoldenRatio,
Author = {Wikipedia},
Howpublished =
{{https://en.wikipedia.org/wiki/Golden\_ratio}},
Title = {Wikipedia - Golden Ratio},
Url = {{https://en.wikipedia.org/wiki/Golden_ratio}},
Day = {10},
Month = {setembro},
Year = {2015}
}

@misc{Euler,
Author = {Wikipedia},
Howpublished =
{{https://en.wikipedia.org/wiki/E\_(mathematical\_constant)}},
Title = {E Mathematical Constant},
Url = {{https://en.wikipedia.org/wiki/E\_(mathematical\_constant)}},
Urlacessdate = {10 sep. 2015},
Day = {10},
Month = {setembro},
Year = {2015}
}

@misc{EulerPort,
Author = {Wikipedia},
Date-Modified = {2015-04-12},
Day = {12},
Howpublished =
{https://pt.wikipedia.org/wiki/N\%C3\%BAmero\_de\_Euler},
Month = {setembro.},
Title = {Número de Euler},
Url = {{https://pt.wikipedia.org/wiki/N\%C3\%BAmero\_de\_Euler}},
Urlacessdate = {12 sep. 2015},
Year = {2015}}

@misc{Pi,
Author = {Wikipedia},
Date-Modified = {2015-09-5},
Day = {5},
Howpublished =
{https://en.wikipedia.org/wiki/Pi},
Month = {setembro},
Title = {Number Pi},
Url = {https://en.wikipedia.org/wiki/Pi},
Urlacessdate = {5 Sep. 2015},
Year = {2015}
}

@misc{EulerM,
Author = {Wikipedia},
Date-Modified = {2013-06-8},
Day = {8},
Howpublished =
{https://pt.wikipedia.org/wiki/Constante\_de\_Euler\-Mascheroni},
Month = {setembro},
Title = {Constante de Euler\-Mascheroni},
Url = {https://pt.wikipedia.org/wiki/Constante\_de\_Euler\-Mascheroni},
Urlacessdate = {10 sep. 2015},
Year = {2015}}

@misc{piwolf,
Author = {Wolfram Research, Inc.},
Howpublished =
{http://functions.wolfram.com/Constants/Pi/06/ShowAll.html},
Month = {setembro},
Title = {Pi - Series representations},
Url = {http://functions.wolfram.com/Constants/Pi/06/ShowAll.html},
Year = {2015}}

@misc{eulerm2,
Author = {Wolfram Research, Inc.},
Howpublished =
{http://functions.wolfram.com/Constants/EulerGamma/06/ShowAll.html},
Month = {setembro},
Title = {EulerGamma - Series representations},
Url = {http://functions.wolfram.com/Constants/EulerGamma/06/ShowAll.html},
Year = {2015}}
